%%%%%%%%%%%%%%%%%%%%%%%%%%%%%%%%%%%%%%%%%%%%%%%%%%%%%%%%%%%%%%%%%%%%%%%%%%%%
%%  dis.bib  ––  cleaned & uniform for ASU dissertation (numeric Natbib)  %%
%%%%%%%%%%%%%%%%%%%%%%%%%%%%%%%%%%%%%%%%%%%%%%%%%%%%%%%%%%%%%%%%%%%%%%%%%%%%

@misc{nber_birth_data,
  author       = {{National Bureau of Economic Research}},
  title        = {Vital Statistics Natality Birth Data},
  year         = {2024},
  url          = {https://www.nber.org/research/data/vital-statistics-natality-birth-data},
  note         = {Data set; accessed 2025-02-23}
}

@article{lbw_def,
  author = {{Cutland, C. L., Lackritz, E. M., Mallett-Moore, T., Bardají, A., Chandrasekaran, R., Lahariya, C., Nisar, M. I., Tapia, M. D., Pathirana, J., Kochhar, S., Muñoz, F. M., & Brighton Collaboration Low Birth Weight Working Group}},
  year = {2017},
  url = {https://pmc.ncbi.nlm.nih.gov/articles/PMC5710991/},
    doi = {https://doi.org/10.1016/j.vaccine.2017.01.049},
  note = {Accessed: 2025-04-25}
}

@misc{census_usa,
  author       = {{U.S. Census Bureau}},
  title        = {QuickFacts: United States},
  year         = {2024},
  url          = {https://www.census.gov/quickfacts/fact/table/US/PST045224},
  note         = {Accessed 2025-04-26}
}

@misc{wiki:nbw,
  author = {{Wikipedia contributors}},
  title  = {Birth Weight — {W}ikipedia{,} The Free Encyclopedia},
  year   = {2025},
  url    = {https://en.wikipedia.org/wiki/Birth_weight},
  note   = {Accessed 2025-04-26}
}

@misc{apgar_score,
    url ={https://medlineplus.gov/ency/article/003402.htm#:~:text=Apgar%20is%20a%20quick%20test,doing%20outside%20the%20mother's%20womb},
    year = {n.d.},
    note =  {Accessed: 2025-04-26}
}

# previous work 
@phdthesis{jain2024,
  author = {Jain, Palak},
  title  = {Algorithms for Bayesian Conditional Density Estimation on a Large Dataset},
  school = {Arizona State University},
  year   = {2024},
  month  = {August},
  note   = {Advised by P. R. Hahn, J. He, S. Zhou, M.-H. Kao, and S. Lan}
}


@misc{ekamperiDecisionTrees,
  author = {Kamperis, Stathis},
  title  = {Decision Trees: Gini Index vs. Entropy},
  year   = {2021},
  url    = {https://ekamperi.github.io/machine%20learning/2021/04/13/gini-index-vs-entropy-decision-trees.html},
  note   = {Blog post; accessed 2025-04-29}
}


@misc{stackexchangeGiniDecrease,
  author = {{stats.stackexchange.com}},
  title  = {Gini Decrease and Gini Impurity of Children Nodes},
  year   = {2025},
  url    = {https://stats.stackexchange.com/questions/95839/gini-decrease-and-gini-impurity-of-children-nodes},
  note   = {Accessed 2025-04-29}
}

@article{kramer1987,
  author  = {Kramer, M. S.},
  title   = {Determinants of Low Birth Weight: Methodological Assessment and Meta-analysis},
  journal = {Bulletin of the World Health Organization},
  year    = {1987},
  volume  = {66},
  number  = {5},
  pages   = {663--737},
  url     = {https://pmc.ncbi.nlm.nih.gov/articles/PMC2491072/}
}
s

@article{KITSANTAS2006275,
  author  = {Kitsantas, P. and Hollander, M. and Li, L.},
  title   = {Using Classification Trees to Assess Low Birth Weight Outcomes},
  journal = {Artificial Intelligence in Medicine},
  year    = {2006},
  volume  = {38},
  number  = {3},
  pages   = {275--289},
  doi     = {10.1016/j.artmed.2006.03.008},
  url     = {https://www.sciencedirect.com/science/article/pii/S0933365706000583}
}

@article{dunson2008,
  author  = {Dunson, D. B. and Herring, A. and Siega-Riz, A. M.},
  title   = {Bayesian Inference on Changes in Response Densities over Predictor Clusters},
  journal = {Journal of the American Statistical Association},
  year    = {2008},
  volume  = {103},
  number  = {484},
  pages   = {1508--1517},
  doi     = {10.1198/016214508000001039},
  url     = {https://pmc.ncbi.nlm.nih.gov/articles/PMC7059981/}
}

@article{rathjens2023,
  author  = {Rathjens, J. and Kolbe, A. and Hölzer, J. and Czado, C.},
  title   = {Bivariate Analysis of Birth Weight and Gestational Age by Bayesian Distributional Regression with Copulas},
  journal = {Statistical Biosciences},
  year    = {2024},
  volume  = {16},
  number  = {2},
  pages   = {290--317},
  doi     = {10.1007/s12561-023-09396-4},
  url     = {https://link.springer.com/article/10.1007/s12561-023-09396-4}
}


@book{breiman1984classification,
  author    = {Breiman, Leo and Friedman, Jerome and Olshen, R.~A. and Stone, C.~J.},
  title     = {Classification and Regression Trees},
  publisher = {Chapman and Hall/CRC},
  address   = {New York},
  year      = {1984},
  edition   = {1},
  doi       = {10.1201/9781315139470},
  url       = {https://doi.org/10.1201/9781315139470}
}


@misc{cart_greedy,
  author = {{Centre for Speech Technology Research}},
  title  = {The CART Building Algorithm (Greedy Search)},
  year   = {n.d.},
  url    = {https://www.cstr.ed.ac.uk/projects/speech_tools/manual-1.2.0/c16616.htm},
  note   = {Accessed 2025-03-28}
}

@article{rpart_docs,
  author = {Therneau, Terry and Atkinson, Beth and Ripley, Brian},
  title  = {rpart: Recursive Partitioning and Regression Trees},
  year   = {2025},
  url    = {https://cran.r-project.org/web/packages/rpart/rpart.pdf},
  note   = {Package manual; accessed 2025-03-28}
}


@article{intro_to_rpart,
  author = {Therneau, Terry M. and Atkinson, Elizabeth J.},
  title  = {An Introduction to Recursive Partitioning Using the RPART Routines},
  year   = {2023},
  url    = {https://cran.r-project.org/web/packages/rpart/vignettes/longintro.pdf},
  note   = {Technical report; accessed 2025-03-28}
}


% Supporting evidence
@article{standford_med_lbw,
  author = {{Stanford Medicine}},
  title  = {Low Birth Weight},
  year   = {2025},
  url    = {https://www.stanfordchildrens.org/en/topic/default?id=low-birth-weight-90-P02382},
  note   = {Accessed 2025-02-23}
}

# effects/causes of lbw
@article{strauss1998growth,
  author  = {Strauss, R. S. and Dietz, W. H.},
  title   = {Growth and Development of Term Children Born with Low Birth Weight: Effects of Genetic and Environmental Factors},
  journal = {The Journal of Pediatrics},
  year    = {1998},
  volume  = {133},
  number  = {1},
  pages   = {67--72},
  doi     = {10.1016/S0022-3476(98)70180-5},
  url     = {https://www.sciencedirect.com/science/article/pii/S0022347698701805}
}

@article{lu2020combined,
  author  = {Lu, C. and Zhang, W. and Zheng, X. and Sun, J. and Chen, L. and Deng, Q.},
  title   = {Combined Effects of Ambient Air Pollution and Home Environmental Factors on Low Birth Weight},
  journal = {Chemosphere},
  year    = {2020},
  volume  = {240},
  pages   = {124836},
  doi     = {10.1016/j.chemosphere.2019.124836},
  url     = {https://www.sciencedirect.com/science/article/pii/S0045653519320752}
}


@article{finch2003,
  author  = {Finch, B. K.},
  title   = {Socioeconomic Gradients and Low Birth Weight: Empirical and Policy Considerations},
  journal = {Health Services Research},
  year    = {2003},
  volume  = {38},
  number  = {6~(Suppl.)},
  pages   = {1819--1842},
  url     = {https://doi.org/10.1111/j.1475-6773.2003.00204.x}
}


@misc{marchofdimes2024,
  author       = {{March of Dimes}},
  title        = {Low Birthweight in the United States (2021–2023 Average)},
  year         = {2024},
  url          = {https://www.marchofdimes.org/peristats/data?reg=99&top=4&stop=42&lev=1&slev=1&obj=3},
  note         = {Accessed 2025-02-23}
}


#technical term
@article{apgar_score,
  author = {{MedlinePlus}},
  title  = {Apgar Score},
  year   = {2025},
  url    = {https://medlineplus.gov/ency/article/003402.htm},
  note   = {Accessed 2025-04-26}
}


# criterion
@misc{wiki:dirichlet-multinomial,
  author = "{Wikipedia contributors}",
  title = "Dirichlet-multinomial distribution --- {W}ikipedia{,} The Free Encyclopedia",
  year = "2025",
  url = "https://en.wikipedia.org/wiki/Dirichlet-multinomial_distribution",
  note = "[Online; accessed 3-March-2025]"
}

@misc{gundersen2020dirichlet-multinomial,
  author = {Gundersen, Gregory},
  title  = {Deriving the Dirichlet–Multinomial Distribution},
  year   = {2020},
  url    = {https://gregorygundersen.com/blog/2020/12/24/dirichlet-multinomial},
  note   = {Blog post; accessed 2025-03-03}
}


@misc{mimno_polya,
  author = {Mimno, David},
  title  = {Polya Distribution Exercise},
  year   = {2025},
  url    = {https://mimno.infosci.cornell.edu/info6150/exercises/polya.pdf},
  note   = {Class notes; accessed 2025-03-03}
}

@techreport{minka2000estimating,
  author       = {Minka, Thomas P.},
  title        = {Estimating a Dirichlet Distribution},
  institution  = {Microsoft Research},
  year         = {2000},
  note         = {Revised 2003, 2009, 2012},
  url          = {https://tminka.github.io/papers/dirichlet/}
}

@misc{poole_mackworth2025pseudo,
  author       = {Poole, David and Mackworth, Alan},
  title        = {Artificial Intelligence: Foundations of Computational Agents, 3rd Edition. Chapter 10, Section 2: Pseudocounts for Estimating Probabilities},
  year         = {2025},
  note         = "[Online; accessed 3-March-2025]",
  url          = {https://artint.info/3e/html/ArtInt3e.Ch10.S2.html}
}

# black infant LBW
@misc{kff_maternal_infant_health_a,
  author = {{Kaiser Family Foundation}},
  title  = {Racial Disparities in Maternal and Infant Health: Current Status and Efforts to Address Them},
  howpublished = {Issue Brief},
  year   = {2025},
  url    = {https://www.kff.org/racial-equity-and-health-policy/issue-brief/racial-disparities-in-maternal-and-infant-health-current-status-and-efforts-to-address-them},
  note   = {Accessed 2025-03-03}
}

@article{pmc1751798,
  author  = {Colen, C. G. and Geronimus, A. T. and Bound, J. and James, S. A.},
  title   = {Maternal Upward Socioeconomic Mobility and Black–White Disparities in Infant Birthweight},
  journal = {American Journal of Public Health},
  year    = {2006},
  url     = {https://pmc.ncbi.nlm.nih.gov/articles/PMC1751798},
  pmcid   = {PMC1751798}
}

@article{decreasing_sex_diff_birth_weight2009,
  author  = {Van Vliet, G. and Liu, S. and Kramer, M. S.},
  title   = {Decreasing Sex Difference in Birth Weight},
  journal = {Epidemiology},
  year    = {2009},
  pages   = {622},
  url     = {https://journals.lww.com/epidem/fulltext/2009/07000/decreasing_sex_difference_in_birth_weight.24.aspx}
}


@article{age_differences_lbw,
  author  = {Goisis, A. and Remes, H. and Barclay, K. and Martikainen, P. and Myrskylä, M.},
  title   = {Advanced Maternal Age and the Risk of Low Birth Weight and Preterm Delivery: A Within-Family Analysis Using Finnish Population Registers},
  journal = {American Journal of Epidemiology},
  year    = {2017},
  url     = {https://pmc.ncbi.nlm.nih.gov/articles/PMC5860004},
  note    = {Accessed 2025-03-27}
}


@misc{prenatal_lbw,
  author = {{Institute of Medicine}},
  title  = {The Effectiveness of Prenatal Care},
  year   = {1985},
  url    = {https://www.ncbi.nlm.nih.gov/books/NBK214461},
  note   = {Accessed 2025-04-26}
}

@article{smoking_lbw,
  author  = {Delcroix-Gomez, C. and Delcroix, M.-H. and Jamee, A. and Gauthier, T. and Marquet, P. and Aubard, Y.},
  title   = {Fetal Growth Restriction, Low Birth Weight and Preterm Birth: Effects of Active or Passive Smoking Evaluated by Maternal Expired CO at Delivery},
  journal = {Tobacco Induced Diseases},
  year    = {2022},
  volume  = {20},
  articleno = {August},
  pages   = {1--15},
  doi     = {10.18332/tid/152111}
}

@article{edu_lbw,
  author  = {Martinson, M. L. and Choi, K. H.},
  title   = {Low Birth Weight and Childhood Health: The Role of Maternal Education},
  journal = {Annals of Epidemiology},
  year    = {2019},
  volume  = {39},
  pages   = {39--45.e2},
  doi     = {10.1016/j.annepidem.2019.09.006},
  keywords = {Low birth weight, Socioeconomic disparities, Child health},
  url     = {https://www.sciencedirect.com/science/article/pii/S1047279718310950}
}

@article{marriage_lbw,
  author  = {Merklinger-Gruchala, A. and Kapiszewska, M.},
  title   = {Marital Status, Father Acknowledgement and Birth Outcomes: Does Maternal Education Matter?},
  journal = {International Journal of Environmental Research and Public Health},
  year    = {2023},
  volume  = {20},
  pages   = {4868},
  doi     = {10.3390/ijerph20064868},
  url     = {https://pmc.ncbi.nlm.nih.gov/articles/PMC10048939}
}


@misc{case_resampling,
  author = {Davison, A. C. and Hinkley, D. V.},
  title  = {Bootstrap Methods and Their Application},
  year   = {2021},
  url    = {https://statistique.cuso.ch/fileadmin/statistique/user_upload/BootShortHandout.pdf},
  note   = {Lecture notes; accessed 2025-04-30}
}


@article{math10244671,
  author  = {Hrba, M. and Maciak, M. and Peštová, B. and Pešta, M.},
  title   = {Bootstrapping Not Independent and Not Identically Distributed Data},
  journal = {Mathematics},
  year    = {2022},
  volume  = {10},
  number  = {24},
  articleno = {4671},
  doi     = {10.3390/math10244671},
  url     = {https://www.mdpi.com/2227-7390/10/24/4671}
}

@misc{wiki:contingency,
  author = {{Wikipedia contributors}},
  title  = {Contingency Table — {W}ikipedia{,} The Free Encyclopedia},
  year   = {2025},
  url    = {https://en.wikipedia.org/wiki/Contingency_table},
  note   = {Accessed 2025-04-30}
}

@misc{stackexchangeBootstrapResampling,
  author = {{stats.stackexchange.com}},
  title  = {Bootstrap Resampling for Contingency Table},
  year   = {2025},
  url    = {https://stats.stackexchange.com/questions/303939/bootstrap-resampling-for-contingency-table},
  note   = {Accessed 2025-04-30}
}

@misc{wiki:summary_statistic,
  author = {{Wikipedia contributors}},
  title  = {Summary Statistics — {W}ikipedia{,} The Free Encyclopedia},
  year   = {2025},
  url    = {https://en.wikipedia.org/wiki/Summary_statistics},
  note   = {Accessed 2025-04-30}
}
@misc{wiki:shrinkage_statistic,
  author = {{Wikipedia contributors}},
  title  = {Shrinkage (Statistics) — {W}ikipedia{,} The Free Encyclopedia},
  year   = {2025},
  url    = {https://en.wikipedia.org/wiki/Shrinkage_(statistics)},
  note   = {Accessed 2025-05-01}
}
@misc{duke,
  author = {{Duke University}},
  title  = {Shrinkage (Chapter 4 Lecture Notes)},
  year   = {n.d.},
  url    = {https://www2.stat.duke.edu/~pdh10/Teaching/721/Materials/ch4shrinkage.pdf},
  note   = {Accessed 2025-05-02}
}

# bootstrap
@misc{wiki:bootstrap,
  author = {{Wikipedia contributors}},
  title  = {Bootstrapping (Statistics) — {W}ikipedia{,} The Free Encyclopedia},
  year   = {2025},
  url    = {https://en.wikipedia.org/wiki/Bootstrapping_(statistics)},
  note   = {Accessed 2025-04-08}
}

# percentile interval
@misc{percentile-interval,
  author = {{Penn State University}},
  title  = {Distribution-Free Confidence Intervals for Percentiles},
  year   = {n.d.},
  url    = {https://online.stat.psu.edu/stat415/book/export/html/835},
  note   = {Course notes; accessed 2025-05-14}
}


@misc{smucker_dm,
  author = {Smucker, M. D. and Kulp, D. and Allan, J.},
  title  = {Dirichlet Mixtures for Query Estimation in Information Retrieval},
  year   = {2005},
  url    = {https://ciir.cs.umass.edu/pubfiles/ir-445.pdf},
  note   = {Technical report; accessed 2025-04-10}
}


@article{hypertension_lbw,
  author  = {Ardissino, M. and Slob, E.~A.~W. and Millar, O. and Reddy, R.~K. and Lazzari, L. and Patel, K.~H.~K. and Ryan, D. and Johnson, M.~R. and Gill, D. and Ng, F.~S.},
  title   = {Maternal Hypertension Increases Risk of Preeclampsia and Low Fetal Birthweight: Genetic Evidence from a Mendelian Randomization Study},
  journal = {Hypertension},
  year    = {2022},
  volume  = {79},
  number  = {3},
  pages   = {588--598},
  doi     = {10.1161/HYPERTENSIONAHA.121.18617},
  url     = {https://www.ahajournals.org/doi/10.1161/HYPERTENSIONAHA.121.18617}
}


@article{diabetes_lbw,
  author  = {Mi, D. and Fang, H. and Zhao, Y. and Zhong, L.},
  title   = {Birth Weight and Type 2 Diabetes: A Meta-analysis},
  journal = {Experimental and Therapeutic Medicine},
  year    = {2017},
  volume  = {14},
  number  = {6},
  pages   = {5313--5320},
  doi     = {10.3892/etm.2017.5234}
}


@article{bmi_lbw,
  author  = {Gul, R. and Iqbal, S. and Anwar, Z. and Ahdi, S. G. and Ali, S. H. and Pirzada, S.},
  title   = {Pre-pregnancy Maternal BMI as a Predictor of Neonatal Birth Weight},
  journal = {PLOS ONE},
  year    = {2020},
  volume  = {15},
  number  = {10},
  doi     = {10.1371/journal.pone.0240748},
  url     = {https://pmc.ncbi.nlm.nih.gov/articles/PMC7592734}
}

@article{mental_lbw,
  author  = {Nomura, Y. and Wickramaratne, P.~J. and Pilowsky, D.~J. and Newcorn, J.~H. and Bruder-Costello, B. and Davey, C. and Fifer, W.~P. and Brooks-Gunn, J. and Weissman, M.~M.},
  title   = {Low Birth Weight and Risk of Affective Disorders and Selected Medical Illness in Offspring at High and Low Risk for Depression},
  journal = {Comprehensive Psychiatry},
  year    = {2007},
  volume  = {48},
  number  = {5},
  pages   = {470--478},
  doi     = {10.1016/j.comppsych.2007.04.005},
  url     = {https://pmc.ncbi.nlm.nih.gov/articles/PMC2085442}
}

@article{prior_lbw,
  author  = {Cutland, C.~L. and Lackritz, E.~M. and Mallett-Moore, T. and Bardají, A. and Chandrasekaran, R. and Lahariya, C. and Nisar, M.~I. and Tapia, M.~D. and Pathirana, J. and Kochhar, S. and Muñoz, F.~M. and {{Brighton Collaboration Low Birth Weight Working Group}}},
  title   = {Low Birth Weight: Case Definition and Guidelines for Data Collection, Analysis and Presentation of Maternal Immunization Safety Data},
  journal = {Vaccine},
  year    = {2017},
  volume  = {35},
  number  = {48},
  pages   = {6492--6500},
  doi     = {10.1016/j.vaccine.2017.01.049},
  url     = {https://pmc.ncbi.nlm.nih.gov/articles/PMC5710991}
}
%%%%%%%%%%%%%%%%%%%%%%%%%%%%%%%%%%%%%%%%%%%%%%%%%%%%%%%%%%%%%%%%%%%%%%%%%%%%
%%  END OF FILE
%%%%%%%%%%%%%%%%%%%%%%%%%%%%%%%%%%%%%%%%%%%%%%%%%%%%%%%%%%%%%%%%%%%%%%%%%%%%